@misc{12Methods,
  title        = {Threat Modeling: 12 Available Methods},
  howpublished = {\url{https://insights.sei.cmu.edu/blog/threat-modeling-12-available-methods/}},
  note         = {Accessed: 2024-10-4},
}

@misc{OWASP_ThreatModelling,
  title        = {OWASP Threat Modeling (Community page)},
  howpublished = {\url{https://owasp.org/www-community/Threat_Modeling}},
  note         = {Accessed: 2024-10-5},
}

@misc{OWASP_ThreatModellingProject,
  title        = {OWASP Threat Modeling Project},
  howpublished = {\url{https://owasp.org/www-project-threat-model/}},
  note         = {Accessed: 2024-10-5},
}

@misc{STRIDE_For_pay_Medium,
  title        = {Examples of STRIDE threats for payment applications},
  howpublished = {\url{https://medium.com/@arielhacking/examples-of-stride-threats-for-payment-applications-87a0ad0c3a21}},
  note         = {Accessed: 2024-10-5},
}

  @misc{ PDCA_Wiki,
    author = "{Wikipedia contributors}",
    title = "PDCA --- {Wikipedia}{,} The Free Encyclopedia",
    year = "2024",
    howpublished = "\url{https://en.wikipedia.org/w/index.php?title=PDCA&oldid=1238104300}",
    note = "[Online; accessed 6-October-2024]"
  }